<record><leader>00000cas a22000007a 4500</leader><controlfield tag="001">14408449</controlfield><controlfield tag="008">861017d18751882pauwr ne      0    0eng d</controlfield><datafield ind1=" " ind2=" " tag="010"><subfield code="a">sn 86053777 </subfield></datafield><datafield ind1=" " ind2=" " tag="040"><subfield code="a">NPX</subfield><subfield code="b">eng</subfield><subfield code="c">NPX</subfield><subfield code="d">NPH</subfield><subfield code="d">OCLCQ</subfield></datafield><datafield ind1=" " ind2=" " tag="042"><subfield code="a">msc</subfield></datafield><datafield ind1="0" ind2="0" tag="245"><subfield code="a">Lawrence paragraph.</subfield></datafield><datafield ind1="1" ind2="3" tag="246"><subfield code="a">Lawrence paragraph and Democratic news</subfield></datafield><datafield ind1=" " ind2=" " tag="260"><subfield code="a">New Castle, Pa. :</subfield><subfield code="b">Paragraph Pub. Co.</subfield></datafield><datafield ind1=" " ind2=" " tag="300"><subfield code="a">v.</subfield></datafield><datafield ind1=" " ind2=" " tag="310"><subfield code="a">Weekly</subfield></datafield><datafield ind1="1" ind2=" " tag="362"><subfield code="a">Began in 1875.</subfield><subfield code="z">Cf. Rowell, 1877.</subfield></datafield><datafield ind1="1" ind2=" " tag="362"><subfield code="a">Ceased in 1882.</subfield><subfield code="z">Cf. Rossell, G.E. Pa. newspapers.</subfield></datafield><datafield ind1=" " ind2=" " tag="500"><subfield code="a">Publishers: Paragraph Pub. Co., &lt;1876&gt;; George W. Penn &amp; E.E. Stone, &lt;1876&gt;.</subfield></datafield><datafield ind1=" " ind2=" " tag="500"><subfield code="a">"Democratic," &lt;1876&gt;.</subfield></datafield><datafield ind1=" " ind2=" " tag="500"><subfield code="a">Editors: Thompson Burton, &lt;1876&gt;; George W. Penn, &lt;1876&gt;; E.E. Stone, &lt;1876&gt;.</subfield></datafield><datafield ind1=" " ind2=" " tag="588"><subfield code="a">Description based on: Vol. 1, no. 35 (May 26, 1876).</subfield></datafield><datafield ind1=" " ind2=" " tag="752"><subfield code="a">United States</subfield><subfield code="b">Pennsylvania</subfield><subfield code="c">Lawrence</subfield><subfield code="d">New Castle.</subfield></datafield><datafield ind1="0" ind2="0" tag="780"><subfield code="t">Gazette and Democrat (New Castle, Pa.)</subfield><subfield code="w">(DLC)sn 85038429</subfield></datafield><datafield ind1="0" ind2="0" tag="785"><subfield code="t">New Castle Democrat (New Castle, Pa.)</subfield><subfield code="w">(DLC)sn 87080532</subfield></datafield><datafield ind1="1" ind2=" " tag="029"><subfield code="a">AU@</subfield><subfield code="b">000025794883</subfield></datafield></record>